
    <zs:record>
      <zs:recordSchema/>
      <zs:recordPacking>xml</zs:recordPacking>
      <zs:recordData>
        <record xmlns="http://www.loc.gov/MARC21/slim">
          <leader>01207cam a22002531  4500</leader>
          <controlfield tag="001">8197715</controlfield>
          <controlfield tag="005">20120717142555.0</controlfield>
          <controlfield tag="008">720804s1903    enk           001 0beng  </controlfield>
          <datafield tag="035" ind1=" " ind2=" ">
            <subfield code="9">(DLC)   03015117</subfield>
          </datafield>
          <datafield tag="906" ind1=" " ind2=" ">
            <subfield code="a">7</subfield>
            <subfield code="b">cbc</subfield>
            <subfield code="c">oclcrpl</subfield>
            <subfield code="d">u</subfield>
            <subfield code="e">ncip</subfield>
            <subfield code="f">19</subfield>
            <subfield code="g">y-gencatlg</subfield>
          </datafield>
          <datafield tag="010" ind1=" " ind2=" ">
            <subfield code="a">   03015117 </subfield>
          </datafield>
          <datafield tag="035" ind1=" " ind2=" ">
            <subfield code="a">(OCoLC)374258</subfield>
          </datafield>
          <datafield tag="040" ind1=" " ind2=" ">
            <subfield code="a">DLC</subfield>
            <subfield code="c">OAU</subfield>
            <subfield code="d">TNJ</subfield>
            <subfield code="d">DLC</subfield>
          </datafield>
          <datafield tag="042" ind1=" " ind2=" ">
            <subfield code="a">premarc</subfield>
          </datafield>
          <datafield tag="050" ind1="0" ind2="0">
            <subfield code="a">PR5913</subfield>
            <subfield code="b">.C6</subfield>
          </datafield>
          <datafield tag="082" ind1=" " ind2=" ">
            <subfield code="a">813/.3</subfield>
          </datafield>
          <datafield tag="100" ind1="1" ind2=" ">
            <subfield code="a">Coleridge, Christabel R.</subfield>
            <subfield code="q">(Christabel Rose),</subfield>
            <subfield code="d">1843-1921.</subfield>
          </datafield>
          <datafield tag="245" ind1="0" ind2="0">
            <subfield code="a">Charlotte Mary Yonge,</subfield>
            <subfield code="b">her life and letters,</subfield>
            <subfield code="c">by Christabel Coleridge.</subfield>
          </datafield>
          <datafield tag="260" ind1=" " ind2=" ">
            <subfield code="a">London,</subfield>
            <subfield code="b">Macmillan and co., limited;</subfield>
            <subfield code="a">New York,</subfield>
            <subfield code="b">The Macmillan company,</subfield>
            <subfield code="c">1903.</subfield>
          </datafield>
          <datafield tag="300" ind1=" " ind2=" ">
            <subfield code="a">xiii, 391 p.</subfield>
            <subfield code="b">incl. geneal. tables. 12 pl. (incl. front., ports.)</subfield>
            <subfield code="c">23 cm.</subfield>
          </datafield>
          <datafield tag="500" ind1=" " ind2=" ">
            <subfield code="a">Appendices (p. 348-384): Letters from various friends.  Bibliography.  Family pedigrees.  Important dates in Miss Yonge's life.  Specimen of many conversations recorded by Miss Yonge in her early days.  Imaginary biographies.  Questions on Miss Yonge's books.  Account of Miss Yonge's funeral.</subfield>
          </datafield>
          <datafield tag="600" ind1="1" ind2="0">
            <subfield code="a">Yonge, Charlotte M.</subfield>
            <subfield code="q">(Charlotte Mary),</subfield>
            <subfield code="d">1823-1901.</subfield>
          </datafield>
          <datafield tag="985" ind1=" " ind2=" ">
            <subfield code="e">OCLC REPLACEMENT cdsdistr</subfield>
          </datafield>
          <datafield tag="991" ind1=" " ind2=" ">
            <subfield code="b">c-GenColl</subfield>
            <subfield code="h">PR5913</subfield>
            <subfield code="i">.C6</subfield>
            <subfield code="t">Copy 1</subfield>
            <subfield code="w">OCLCREP</subfield>
          </datafield>
        </record>
      </zs:recordData>
      <zs:recordPosition>2</zs:recordPosition>
    </zs:record>